@ARTICLE{2011A&A...527A..82D,
   author = {{Dumusque}, X. and {Santos}, N.~C. and {Udry}, S. and {Lovis}, C. and 
	{Bonfils}, X.},
    title = "{Planetary detection limits taking into account stellar noise. II. Effect of stellar spot groups on radial-velocities}",
  journal = {\aap},
archivePrefix = "arXiv",
   eprint = {1101.0954},
 primaryClass = "astro-ph.EP",
 keywords = {stars: individual:{$\alpha$}Cen B, planetary systems, stars: activity, Sun: activity, sunspots, techniques: radial velocities},
     year = 2011,
    month = mar,
   volume = 527,
      eid = {A82},
    pages = {A82},
      doi = {10.1051/0004-6361/201015877},
   adsurl = {http://adsabs.harvard.edu/abs/2011A%26A...527A..82D},
  adsnote = {Provided by the SAO/NASA Astrophysics Data System}
}


@ARTICLE{dumusque2012,
   author = {{Dumusque}, X. and {Pepe}, F. and {Lovis}, C. and {Segransan}, D. and {Sahlmann}, J. and {Benz}, W. and {Bouchy}, F. and {Mayor}, M. and {Queloz}, D. and {Santos}, N. and {Udry}, S.},
    title = "{An Earth-mass planet orbiting $\alpha$ Centauri B}",
  journal = {Nature, advanced online publication, doi:10.1038/nature11572},
     year = 2012,
    month = oct,
   eprint = {doi:10.1038/nature11572},
      doi = {10.1038/nature11572},
}


@ARTICLE{2010A&A...511A..54S,
   author = {{Santos}, N.~C. and {Gomes da Silva}, J. and {Lovis}, C. and 
	{Melo}, C.},
    title = "{Do stellar magnetic cycles influence the measurement of precise radial velocities?}",
  journal = {\aap},
archivePrefix = "arXiv",
   eprint = {0912.2901},
 primaryClass = "astro-ph.EP",
 keywords = {planetary systems, stars: fundamental parameters, techniques: spectroscopic, techniques: radial velocities, stars: activity, starspots},
     year = 2010,
    month = feb,
   volume = 511,
      eid = {A54},
    pages = {A54},
      doi = {10.1051/0004-6361/200913433},
   adsurl = {http://adsabs.harvard.edu/abs/2010A%26A...511A..54S},
  adsnote = {Provided by the SAO/NASA Astrophysics Data System}
}

@ARTICLE{michelson1887,
   author = {{Michelson}, A.~A. AND {Morley}, E.},
   title = "{On the Relative Motion of the Earth and the Luminiferous Ether}",
   journal = {American Journal of Science},
     year = 1887,
   volume = 34,
    pages = {333-345}
}
   
@ARTICLE{2002ApJ...580L.171M,
   author = {{Mandel}, K. and {Agol}, E.},
    title = "{Analytic Light Curves for Planetary Transit Searches}",
  journal = {\apjl},
   eprint = {arXiv:astro-ph/0210099},
 keywords = {Stars: Binaries: Eclipsing, Eclipses, Occultations, Stars: Planetary Systems},
     year = 2002,
    month = dec,
   volume = 580,
    pages = {L171-L175},
      doi = {10.1086/345520},
   adsurl = {http://adsabs.harvard.edu/abs/2002ApJ...580L.171M},
  adsnote = {Provided by the SAO/NASA Astrophysics Data System}
}

@ARTICLE{1993Icar..106..247G,
   author = {{Gladman}, B.},
    title = "{Dynamics of systems of two close planets}",
  journal = {Icarus},
 keywords = {PROTOPLANETS, PLANETARY EVOLUTION, PLANETARY MASS, ECCENTRIC ORBITS, CHAOS, EMBRYOS, SOLAR SYSTEM, PULSARS},
     year = 1993,
    month = nov,
   volume = 106,
    pages = {247},
      doi = {10.1006/icar.1993.1169},
   adsurl = {http://adsabs.harvard.edu/abs/1993Icar..106..247G},
  adsnote = {Provided by the SAO/NASA Astrophysics Data System}
}

@ARTICLE{2004ApJS..155..667D,
   author = {{Demarque}, P. and {Woo}, J.-H. and {Kim}, Y.-C. and {Yi}, S.~K.
	},
    title = "{Y$^{2}$ Isochrones with an Improved Core Overshoot Treatment}",
  journal = {\apjs},
 keywords = {Convection, Stars: Evolution, Stars: Interiors},
     year = 2004,
    month = dec,
   volume = 155,
    pages = {667-674},
      doi = {10.1086/424966},
   adsurl = {http://adsabs.harvard.edu/abs/2004ApJS..155..667D},
  adsnote = {Provided by the SAO/NASA Astrophysics Data System}
}


@ARTICLE{2011A&A...535A..55D,
   author = {{Dumusque}, X. and {Lovis}, C. and {S{\'e}gransan}, D. and {Mayor}, M. and 
	{Udry}, S. and {Benz}, W. and {Bouchy}, F. and {Lo Curto}, G. and 
	{Mordasini}, C. and {Pepe}, F. and {Queloz}, D. and {Santos}, N.~C. and 
	{Naef}, D.},
    title = "{The HARPS search for southern extra-solar planets. XXX. Planetary systems around stars with solar-like magnetic cycles and short-term activity variation}",
  journal = {\aap},
archivePrefix = "arXiv",
   eprint = {1107.1748},
 primaryClass = "astro-ph.EP",
 keywords = {planetary systems, techniques: radial velocities, stars: individual: HD 7199, stars: individual: HD 7449, stars: individual: HD 137388, stars: individual: HD 204941},
     year = 2011,
    month = nov,
   volume = 535,
      eid = {A55},
    pages = {A55},
      doi = {10.1051/0004-6361/201117148},
   adsurl = {http://adsabs.harvard.edu/abs/2011A%26A...535A..55D},
  adsnote = {Provided by the SAO/NASA Astrophysics Data System}
}


@ARTICLE{1995ApJ...438..269B,
   author = {{Baliunas}, S.~L. and {Donahue}, R.~A. and {Soon}, W.~H. and 
	{Horne}, J.~H. and {Frazer}, J. and {Woodard-Eklund}, L. and 
	{Bradford}, M. and {Rao}, L.~M. and {Wilson}, O.~C. and {Zhang}, Q. and 
	{Bennett}, W. and {Briggs}, J. and {Carroll}, S.~M. and {Duncan}, D.~K. and 
	{Figueroa}, D. and {Lanning}, H.~H. and {Misch}, T. and {Mueller}, J. and 
	{Noyes}, R.~W. and {Poppe}, D. and {Porter}, A.~C. and {Robinson}, C.~R. and 
	{Russell}, J. and {Shelton}, J.~C. and {Soyumer}, T. and {Vaughan}, A.~H. and 
	{Whitney}, J.~H.},
    title = "{Chromospheric variations in main-sequence stars}",
  journal = {\apj},
 keywords = {CHROMOSPHERE, EMISSION SPECTRA, MAIN SEQUENCE STARS, STELLAR ACTIVITY, STELLAR EVOLUTION, VARIATIONS, CALCIUM, FLUX DENSITY, H LINES, K LINES, STELLAR MAGNETIC FIELDS, STELLAR ROTATION},
     year = 1995,
    month = jan,
   volume = 438,
    pages = {269-287},
      doi = {10.1086/175072},
   adsurl = {http://adsabs.harvard.edu/abs/1995ApJ...438..269B},
  adsnote = {Provided by the SAO/NASA Astrophysics Data System}
}

@ARTICLE{2008ApJ...683L..63W,
   author = {{Wright}, J.~T. and {Marcy}, G.~W. and {Butler}, R.~P. and {Vogt}, S.~S. and 
	{Henry}, G.~W. and {Isaacson}, H. and {Howard}, A.~W.},
    title = "{The Jupiter Twin HD 154345b}",
  journal = {\apjl},
archivePrefix = "arXiv",
   eprint = {0802.1731},
 keywords = {Stars: Planetary Systems, Techniques: Radial Velocities},
     year = 2008,
    month = aug,
   volume = 683,
    pages = {L63-L66},
      doi = {10.1086/587461},
   adsurl = {http://adsabs.harvard.edu/abs/2008ApJ...683L..63W},
  adsnote = {Provided by the SAO/NASA Astrophysics Data System}
}

@ARTICLE{2011arXiv1107.5325L,
   author = {{Lovis}, C. and {Dumusque}, X. and {Santos}, N.~C. and {Bouchy}, F. and 
	{Mayor}, M. and {Pepe}, F. and {Queloz}, D. and {S{\'e}gransan}, D. and 
	{Udry}, S.},
    title = "{The HARPS search for southern extra-solar planets. XXXI. Magnetic activity cycles in solar-type stars: statistics and impact on precise radial velocities}",
  journal = {A\&A submitted},
archivePrefix = "arXiv",
   eprint = {1107.5325},
 primaryClass = "astro-ph.SR",
 keywords = {Astrophysics - Solar and Stellar Astrophysics, Astrophysics - Earth and Planetary Astrophysics},
     year = 2011,
    month = jul,
   adsurl = {http://adsabs.harvard.edu/abs/2011arXiv1107.5325L},
  adsnote = {Provided by the SAO/NASA Astrophysics Data System}
}


@ARTICLE{1987ApJ...316..771D,
   author = {{Deming}, D. and {Espenak}, F. and {Jennings}, D.~E. and {Brault}, J.~W. and 
	{Wagner}, J.},
    title = "{On the apparent velocity of integrated sunlight. I - 1983-1985}",
  journal = {\apj},
 keywords = {INFRARED SPECTRA, RADIAL VELOCITY, SOLAR SPECTRA, SUNLIGHT, CARBON MONOXIDE, INFRARED SPECTROSCOPY, INTERFEROMETRY, METHANE, SOLAR WIND VELOCITY},
     year = 1987,
    month = may,
   volume = 316,
    pages = {771-787},
      doi = {10.1086/165242},
   adsurl = {http://adsabs.harvard.edu/abs/1987ApJ...316..771D},
  adsnote = {Provided by the SAO/NASA Astrophysics Data System}
}


@INPROCEEDINGS{1985srv..conf..311D,
   author = {{Dravins}, D.},
    title = "{Stellar lineshifts induced by photospheric convection.}",
 keywords = {Convection:Stellar Atmospheres, Line Formation:Stellar Atmospheres, Radial Velocities:Stellar Spectra, Stellar Atmospheres:Convection, Stellar Atmospheres:Line Formation, Stellar Spectra:Radial Velocities},
booktitle = {Stellar Radial Velocities},
     year = 1985,
   editor = {{Philip}, A.~G.~D. and {Latham}, D.~W.},
    pages = {311-320},
   adsurl = {http://adsabs.harvard.edu/abs/1985srv..conf..311D},
  adsnote = {Provided by the SAO/NASA Astrophysics Data System}
}

@INPROCEEDINGS{1991LNP...390...19C,
   author = {{Campbell}, B. and {Yang}, S. and {Irwin}, A.~W. and {Walker}, G.~A.~H.
	},
    title = "{Towards an Estimate of the Fraction of Stars with Planets from Velocities of High Precision}",
booktitle = {Bioastronomy: The Search for Extraterrestial Life --- The Exploration Broadens},
     year = 1991,
   series = {Lecture Notes in Physics, Berlin Springer Verlag},
   volume = 390,
   editor = {{Heidmann}, J. and {Klein}, M.~J.},
    pages = {19-20},
      doi = {10.1007/3-540-54752-5_180},
   adsurl = {http://adsabs.harvard.edu/abs/1991LNP...390...19C},
  adsnote = {Provided by the SAO/NASA Astrophysics Data System}
}

@ARTICLE{2012arXiv1205.5835B,
   author = {{Boisse}, I. and {Pepe}, F. and {Perrier}, C. and {Queloz}, D. and 
	{Bonfils}, X. and {Bouchy}, F. and {Santos}, N.~C. and {Arnold}, L. and 
	{Beuzit}, J.-L. and {D{\'{\i}}az}, R.~F. and {Delfosse}, X. and 
	{Eggenberger}, A. and {Ehrenreich}, D. and {Forveille}, T. and 
	{H{\'e}brard}, G. and {Lagrange}, A.-M. and {Lovis}, C. and 
	{Mayor}, M. and {Moutou}, C. and {Naef}, D. and {Santerne}, A. and 
	{S{\'e}gransan}, D. and {Sivan}, J.-P. and {Udry}, S.},
    title = "{The SOPHIE search for northern extrasolar planets. V. Follow-up of ELODIE candidates: Jupiter-analogs around Sun-like stars}",
  journal = {\aap},
archivePrefix = "arXiv",
   eprint = {1205.5835},
 primaryClass = "astro-ph.EP",
 keywords = {techniques: radial velocities, planetary systems},
     year = 2012,
    month = sep,
   volume = 545,
      eid = {A55},
    pages = {A55},
      doi = {10.1051/0004-6361/201118419},
   adsurl = {http://adsabs.harvard.edu/abs/2012A%26A...545A..55B},
  adsnote = {Provided by the SAO/NASA Astrophysics Data System}
}

@ARTICLE{2012arXiv1205.2765W,
   author = {{Wittenmyer}, R.~A. and {Horner}, J. and {Tuomi}, M. and {Salter}, G.~S. and 
	{Tinney}, C.~G. and {Butler}, R.~P. and {Jones}, H.~R.~A. and 
	{O'Toole}, S.~J. and {Bailey}, J. and {Carter}, B.~D. and {Jenkins}, J.~S. and 
	{Zhang}, Z. and {Vogt}, S.~S. and {Rivera}, E.~J.},
    title = "{The Anglo-Australian Planet Search. XXII. Two New Multi-planet Systems}",
  journal = {\apj},
archivePrefix = "arXiv",
   eprint = {1205.2765},
 primaryClass = "astro-ph.EP",
 keywords = {planetary systems, stars: individual: HD 142 HD 159868, techniques: radial velocities},
     year = 2012,
    month = jul,
   volume = 753,
      eid = {169},
    pages = {169},
      doi = {10.1088/0004-637X/753/2/169},
   adsurl = {http://adsabs.harvard.edu/abs/2012ApJ...753..169W},
  adsnote = {Provided by the SAO/NASA Astrophysics Data System}
}


@INPROCEEDINGS{terms2012aas,
   author = {{Kane}, S.~R. and {Ephemeris Refinement}, T. and {Survey(TERMS)}, M.
	},
    title = "{The TERMS Project: More Than Just Transit Exclusion}",
booktitle = {American Astronomical Society Meeting Abstracts},
     year = 2012,
   series = {American Astronomical Society Meeting Abstracts},
   volume = 219,
    month = jan,
    pages = {\#228.07},
   adsurl = {http://adsabs.harvard.edu/abs/2012AAS...21922807K},
  adsnote = {Provided by the SAO/NASA Astrophysics Data System}
}


@INPROCEEDINGS{terms2011aas,
   author = {{Kane}, S.~R. and {Ciardi}, D. and {Dragomir}, D. and {Fischer}, D. and 
	{Henry}, G. and {Howard}, A. and {Jensen}, E. and {Laughlin}, G. and 
	{Mahadevan}, S. and {Pilyavsky}, G. and {von Braun}, K. and 
	{Wright}, J.},
    title = "{Improving Transit Predictions of Known Exoplanets with TERMS}",
booktitle = {American Astronomical Society Meeting Abstracts},
     year = 2011,
    month = may,
    pages = {\#128.03},
   adsurl = {http://adsabs.harvard.edu/abs/2011AAS...21812803K},
  adsnote = {Provided by the SAO/NASA Astrophysics Data System}
}

@BOOK{1983ured.book.....H,
   author = {{Hoaglin}, D.~C. and {Mosteller}, F. and {Tukey}, J.~W.},
    title = "{Understanding Robust and Exploratory Data Anlysis}",
booktitle = {Wiley Series in Probability and Mathematical Statistics, New York: Wiley, 1983, edited by Hoaglin, David C.; Mosteller, Frederick; Tukey, John W.},
     year = {1983},
     isbn = {9780471097778},
     lccn = {00028322},
   series = {Wiley Classics Library Editions},
      url = {http://books.google.com/books?id=JY4\_AQAAIAAJ},
publisher = {Wiley},
   adsurl = {http://adsabs.harvard.edu/abs/1983ured.book.....H},
  adsnote = {Provided by the SAO/NASA Astrophysics Data System}
}

@ARTICLE{hetque2007,
   author = {{Shetrone}, M. and {Cornell}, M.~E. and {Fowler}, J.~R. and 
	{Gaffney}, N. and {Laws}, B. and {Mader}, J. and {Mason}, C. and 
	{Odewahn}, S. and {Roman}, B. and {Rostopchin}, S. and {Schneider}, D.~P. and 
	{Umbarger}, J. and {Westfall}, A.},
    title = "{Ten Year Review of Queue Scheduling of the Hobby-Eberly Telescope}",
  journal = {\pasp},
archivePrefix = "arXiv",
   eprint = {0705.3889},
 keywords = {Astronomical Instrumentation},
     year = 2007,
    month = may,
   volume = 119,
    pages = {556-566},
      doi = {10.1086/519291},
   adsurl = {http://adsabs.harvard.edu/abs/2007PASP..119..556S},
  adsnote = {Provided by the SAO/NASA Astrophysics Data System}
}

@ARTICLE{Bender2012,
   author = {{Bender}, C.~F. and {Mahadevan}, S. and {Deshpande}, R. and 
	{Wright}, J.~T. and {Roy}, A. and {Terrien}, R.~C. and {Sigurdsson}, S. and 
	{Ramsey}, L.~W. and {Schneider}, D.~P. and {Fleming}, S.~W.},
    title = "{The SDSS-HET Survey of Kepler Eclipsing Binaries: Spectroscopic Dynamical Masses of the Kepler-16 Circumbinary Planet Hosts}",
  journal = {\apjl},
archivePrefix = "arXiv",
   eprint = {1205.0259},
 primaryClass = "astro-ph.SR",
 keywords = {binaries: eclipsing, binaries: spectroscopic, stars: fundamental parameters, stars: individual: Kepler-16, stars: low-mass, techniques: radial velocities },
     year = 2012,
    month = jun,
   volume = 751,
      eid = {L31},
    pages = {L31},
      doi = {10.1088/2041-8205/751/2/L31},
   adsurl = {http://adsabs.harvard.edu/abs/2012ApJ...751L..31B},
  adsnote = {Provided by the SAO/NASA Astrophysics Data System}
}

@ARTICLE{Kane2009,
   author = {{Kane}, S.~R. and {Mahadevan}, S. and {von Braun}, K. and {Laughlin}, G. and 
	{Ciardi}, D.~R.},
    title = "{Refining Exoplanet Ephemerides and Transit Observing Strategies}",
  journal = {\pasp},
archivePrefix = "arXiv",
   eprint = {0910.0010},
 primaryClass = "astro-ph.EP",
 keywords = {Extrasolar Planets},
     year = 2009,
    month = dec,
   volume = 121,
    pages = {1386-1394},
      doi = {10.1086/648564},
   adsurl = {http://adsabs.harvard.edu/abs/2009PASP..121.1386K},
  adsnote = {Provided by the SAO/NASA Astrophysics Data System}
}

@ARTICLE{Kane114762,
   author = {{Kane}, S.~R. and {Henry}, G.~W. and {Dragomir}, D. and {Fischer}, D.~A. and 
	{Howard}, A.~W. and {Wang}, X. and {Wright}, J.~T.},
    title = "{Revised Orbit and Transit Exclusion for HD 114762b}",
  journal = {\apjl},
archivePrefix = "arXiv",
   eprint = {1106.1434},
 primaryClass = "astro-ph.EP",
 keywords = {planetary systems, stars: individual: HD 114762, techniques: photometric, techniques: radial velocities},
     year = 2011,
    month = jul,
   volume = 735,
      eid = {L41},
    pages = {L41},
      doi = {10.1088/2041-8205/735/2/L41},
   adsurl = {http://adsabs.harvard.edu/abs/2011ApJ...735L..41K},
  adsnote = {Provided by the SAO/NASA Astrophysics Data System}
}


@ARTICLE{Pilyavsky2011,
   author = {{Pilyavsky}, G. and {Mahadevan}, S. and {Kane}, S.~R. and {Howard}, A.~W. and 
	{Ciardi}, D.~R. and {de Pree}, C. and {Dragomir}, D. and {Fischer}, D. and 
	{Henry}, G.~W. and {Jensen}, E.~L.~N. and {Laughlin}, G. and 
	{Marlowe}, H. and {Rabus}, M. and {von Braun}, K. and {Wright}, J.~T. and 
	{Wang}, X.~X.},
    title = "{A Search for the Transit of HD 168443b: Improved Orbital Parameters and Photometry}",
  journal = {\apj},
archivePrefix = "arXiv",
   eprint = {1109.5166},
 primaryClass = "astro-ph.EP",
 keywords = {planetary systems, stars: individual: HD 168443, techniques: photometric, techniques: radial velocities },
     year = 2011,
    month = dec,
   volume = 743,
      eid = {162},
    pages = {162},
      doi = {10.1088/0004-637X/743/2/162},
   adsurl = {http://adsabs.harvard.edu/abs/2011ApJ...743..162P},
  adsnote = {Provided by the SAO/NASA Astrophysics Data System}
}



@ARTICLE{Kane63454,
   author = {{Kane}, S.~R. and {Dragomir}, D. and {Ciardi}, D.~R. and {Lee}, J.-W. and 
	{Lo Curto}, G. and {Lovis}, C. and {Naef}, D. and {Mahadevan}, S. and 
	{Pilyavsky}, G. and {Udry}, S. and {Wang}, X. and {Wright}, J.
	},
    title = "{Stellar Variability of the Exoplanet Hosting Star HD 63454}",
  journal = {\apj},
archivePrefix = "arXiv",
   eprint = {1105.6131},
 primaryClass = "astro-ph.EP",
 keywords = {planetary systems, stars: individual: HD 63454, techniques: photometric, techniques: radial velocities},
     year = 2011,
    month = aug,
   volume = 737,
      eid = {58},
    pages = {58},
      doi = {10.1088/0004-637X/737/2/58},
   adsurl = {http://adsabs.harvard.edu/abs/2011ApJ...737...58K},
  adsnote = {Provided by the SAO/NASA Astrophysics Data System}
}


@ARTICLE{1986PASP...98..609H,
   author = {{Horne}, K.},
    title = "{An optimal extraction algorithm for CCD spectroscopy}",
  journal = {\pasp},
 keywords = {ASTRONOMICAL SPECTROSCOPY, CHARGE COUPLED DEVICES, DATA REDUCTION, SPECTRUM ANALYSIS, IMAGE PROCESSING, ITERATION, OPTIMIZATION, SPATIAL RESOLUTION, STELLAR SPECTRA, VARIANCE (STATISTICS)},
     year = 1986,
    month = jun,
   volume = 98,
    pages = {609-617},
      doi = {10.1086/131801},
   adsurl = {http://adsabs.harvard.edu/abs/1986PASP...98..609H},
  adsnote = {Provided by the SAO/NASA Astrophysics Data System}
}


@ARTICLE{Johnson2011,
   author = {{Johnson}, J.~A. and {Payne}, M. and {Howard}, A.~W. and {Clubb}, K.~I. and 
	{Ford}, E.~B. and {Bowler}, B.~P. and {Henry}, G.~W. and {Fischer}, D.~A. and 
	{Marcy}, G.~W. and {Brewer}, J.~M. and {Schwab}, C. and {Reffert}, S. and 
	{Lowe}, T.~B.},
    title = "{Retired a Stars and Their Companions. VI. A Pair of Interacting Exoplanet Pairs Around the Subgiants 24 Sextanis and HD 200964}",
  journal = {\aj},
archivePrefix = "arXiv",
   eprint = {1007.4552},
 primaryClass = "astro-ph.EP",
 keywords = {planets and satellites: detection, planets and satellites: formation, planets and satellites: fundamental parameters, planets and satellites: individual: HD200964 b HD200964 c 24 Sex b 24 Sex c, stars: individual: 24 Sex HD200964, techniques: radial velocities},
     year = 2011,
    month = jan,
   volume = 141,
      eid = {16},
    pages = {16},
      doi = {10.1088/0004-6256/141/1/16},
   adsurl = {http://adsabs.harvard.edu/abs/2011AJ....141...16J},
  adsnote = {Provided by the SAO/NASA Astrophysics Data System}
}

@ARTICLE{Chambers1999,
   author = {{Chambers}, J.~E.},
    title = "{A hybrid symplectic integrator that permits close encounters between massive bodies}",
  journal = {\mnras},
 keywords = {ACCRETION, ACCRETION DISCS, METHODS: NUMERICAL, CELESTIAL MECHANICS, STELLAR DYNAMICS, SOLAR SYSTEM: GENERAL},
     year = 1999,
    month = apr,
   volume = 304,
    pages = {793-799},
      doi = {10.1046/j.1365-8711.1999.02379.x},
   adsurl = {http://adsabs.harvard.edu/abs/1999MNRAS.304..793C},
  adsnote = {Provided by the SAO/NASA Astrophysics Data System}
}

@ARTICLE{2011ApJ...729...98P,
   author = {{Payne}, M.~J. and {Ford}, E.~B.},
    title = "{An Analysis of Jitter and Transit Timing Variations in the HAT-P-13 System}",
  journal = {\apj},
archivePrefix = "arXiv",
   eprint = {1103.0199},
 primaryClass = "astro-ph.EP",
 keywords = {celestial mechanics, methods: data analysis, methods: numerical, methods: observational, planetary systems},
     year = 2011,
    month = mar,
   volume = 729,
      eid = {98},
    pages = {98},
      doi = {10.1088/0004-637X/729/2/98},
   adsurl = {http://adsabs.harvard.edu/abs/2011ApJ...729...98P},
  adsnote = {Provided by the SAO/NASA Astrophysics Data System}
}

@INPROCEEDINGS{2007ASPC..371..189F,
   author = {{Ford}, E.~B. and {Gregory}, P.~C.},
    title = "{Bayesian Model Selection and Extrasolar Planet Detection}",
booktitle = {Statistical Challenges in Modern Astronomy IV},
     year = 2007,
   series = {Astronomical Society of the Pacific Conference Series},
   volume = 371,
   eprint = {arXiv:astro-ph/0608328},
   editor = {{Babu}, G.~J. and {Feigelson}, E.~D.},
    month = nov,
    pages = {189},
   adsurl = {http://adsabs.harvard.edu/abs/2007ASPC..371..189F},
  adsnote = {Provided by the SAO/NASA Astrophysics Data System}
}


@ARTICLE{Ford2006,
   author = {{Ford}, E.~B.},
    title = "{Improving the Efficiency of Markov Chain Monte Carlo for Analyzing the Orbits of Extrasolar Planets}",
  journal = {\apj},
   eprint = {arXiv:astro-ph/0512634},
 keywords = {Methods: Statistical, Stars: Planetary Systems, Techniques: Radial Velocities},
     year = 2006,
    month = may,
   volume = 642,
    pages = {505-522},
      doi = {10.1086/500802},
   adsurl = {http://adsabs.harvard.edu/abs/2006ApJ...642..505F},
  adsnote = {Provided by the SAO/NASA Astrophysics Data System}
}

@ARTICLE{Ford2005,
   author = {{Ford}, E.~B.},
    title = "{Quantifying the Uncertainty in the Orbits of Extrasolar Planets}",
  journal = {\aj},
   eprint = {arXiv:astro-ph/0305441},
 keywords = {Methods: Statistical, planetary systems: general, Techniques: Radial Velocities},
     year = 2005,
    month = mar,
   volume = 129,
    pages = {1706-1717},
      doi = {10.1086/427962},
   adsurl = {http://adsabs.harvard.edu/abs/2005AJ....129.1706F},
  adsnote = {Provided by the SAO/NASA Astrophysics Data System}
}

@ARTICLE{torres2010,
   author = {{Torres}, G. and {Andersen}, J. and {Gim{\'e}nez}, A.},
    title = "{Accurate masses and radii of normal stars: modern results and applications}",
  journal = {\aapr},
archivePrefix = "arXiv",
   eprint = {0908.2624},
 primaryClass = "astro-ph.SR",
 keywords = {Stars: fundamental parameters, Stars: binaries: eclipsing, Stars: binaries: spectroscopic, Stars: interiors, Stars: evolution},
     year = 2010,
    month = feb,
   volume = 18,
    pages = {67-126},
      doi = {10.1007/s00159-009-0025-1},
   adsurl = {http://adsabs.harvard.edu/abs/2010A%26ARv..18...67T},
  adsnote = {Provided by the SAO/NASA Astrophysics Data System}
}


@ARTICLE{2003PASP..115.1023W,
   author = {{Walker}, G. and {Matthews}, J. and {Kuschnig}, R. and {Johnson}, R. and 
	{Rucinski}, S. and {Pazder}, J. and {Burley}, G. and {Walker}, A. and 
	{Skaret}, K. and {Zee}, R. and {Grocott}, S. and {Carroll}, K. and 
	{Sinclair}, P. and {Sturgeon}, D. and {Harron}, J.},
    title = "{The MOST Asteroseismology Mission: Ultraprecise Photometry from Space}",
  journal = {\pasp},
 keywords = {space vehicles: instruments, Stars: Interiors, Stars: Oscillations, Techniques: Photometric, Telescopes},
     year = 2003,
    month = sep,
   volume = 115,
    pages = {1023-1035},
      doi = {10.1086/377358},
   adsurl = {http://adsabs.harvard.edu/abs/2003PASP..115.1023W},
  adsnote = {Provided by the SAO/NASA Astrophysics Data System}
}



@ARTICLE{2006ApJ...646.1241R,
   author = {{Rowe}, J.~F. and {Matthews}, J.~M. and {Seager}, S. and {Kuschnig}, R. and 
	{Guenther}, D.~B. and {Moffat}, A.~F.~J. and {Rucinski}, S.~M. and 
	{Sasselov}, D. and {Walker}, G.~A.~H. and {Weiss}, W.~W.},
    title = "{An Upper Limit on the Albedo of HD 209458b: Direct Imaging Photometry with the MOST Satellite}",
  journal = {\apj},
   eprint = {arXiv:astro-ph/0603410},
 keywords = {Stars: Planetary Systems, Stars: Individual: Henry Draper Number: HD 209458, Techniques: Photometric},
     year = 2006,
    month = aug,
   volume = 646,
    pages = {1241-1251},
      doi = {10.1086/504252},
   adsurl = {http://adsabs.harvard.edu/abs/2006ApJ...646.1241R},
  adsnote = {Provided by the SAO/NASA Astrophysics Data System}
}


@ARTICLE{2004Natur.430...51M,
   author = {{Matthews}, J.~M. and {Kuschnig}, R. and {Guenther}, D.~B. and 
	{Walker}, G.~A.~H. and {Moffat}, A.~F.~J. and {Rucinski}, S.~M. and 
	{Sasselov}, D. and {Weiss}, W.~W.},
    title = "{No stellar p-mode oscillations in space-based photometry of Procyon}",
  journal = {\nat},
     year = 2004,
    month = jul,
   volume = 430,
    pages = {51-53},
      doi = {10.1038/nature02671},
   adsurl = {http://adsabs.harvard.edu/abs/2004Natur.430...51M},
  adsnote = {Provided by the SAO/NASA Astrophysics Data System}
}


@article{1981,
     jstor_articletype = {research-article},
     title = {Bootstrapping Regression Models},
     author = {Freedman, D. A.},
     journal = {The Annals of Statistics},
     jstor_issuetitle = {},
     volume = {9},
     number = {6},
     jstor_formatteddate = {Nov., 1981},
     pages = {pp. 1218-1228},
     url = {http://www.jstor.org/stable/2240411},
     ISSN = {00905364},
     abstract = {The regression and correlation models are considered. It is shown that the bootstrap approximation to the distribution of the least squares estimates is valid, and some error bounds are given.},
     language = {English},
     year = {1981},
     publisher = {Institute of Mathematical Statistics},
     copyright = {Copyright © 1981 Institute of Mathematical Statistics},
    }


@book{davison1997bootstrap,
  title={{Bootstrap Methods and Their Application}},
  author={Davison, A.C. and Hinkley, D.V.},
  isbn={9780521574716},
  lccn={96030064},
  series={Cambridge Series on Statistical and Probabilistic Mathematics},
  url={http://books.google.com/books?id=Ql4tYgEACAAJ},
  year={1997},
  publisher={Cambridge University Press}
}



@ARTICLE{2009ApJ...702..989V,
   author = {{Valenti}, J.~A. and {Fischer}, D. and {Marcy}, G.~W. and {Johnson}, J.~A. and 
	{Henry}, G.~W. and {Wright}, J.~T. and {Howard}, A.~W. and {Giguere}, M. and 
	{Isaacson}, H.},
    title = "{Two Exoplanets Discovered at Keck Observatory}",
  journal = apj,
archivePrefix = "arXiv",
   eprint = {0908.1612},
 keywords = {planetary systems, stars: individual: HD 179079 HD 143174 HD 73534},
     year = 2009,
    month = sep,
   volume = 702,
    pages = {989-997},
      doi = {10.1088/0004-637X/702/2/989},
   adsurl = {http://adsabs.harvard.edu/abs/2009ApJ...702..989V},
  adsnote = {Provided by the SAO/NASA Astrophysics Data System}
}



@ARTICLE{2009ApJ...690..743B,
   author = {{Bailey}, J. and {Butler}, R.~P. and {Tinney}, C.~G. and {Jones}, H.~R.~A. and 
	{O'Toole}, S. and {Carter}, B.~D. and {Marcy}, G.~W.},
    title = "{A Jupiter-Like Planet Orbiting the Nearby M dwarf GJ 832}",
  journal = {\apj},
archivePrefix = "arXiv",
   eprint = {0809.0172},
 keywords = {planetary systems, stars: individual: GJ 832},
     year = 2009,
    month = jan,
   volume = 690,
    pages = {743-747},
      doi = {10.1088/0004-637X/690/1/743},
   adsurl = {http://adsabs.harvard.edu/abs/2009ApJ...690..743B},
  adsnote = {Provided by the SAO/NASA Astrophysics Data System}
}

@ARTICLE{2009MNRAS.393..969B,
   author = {{Baluev}, R.~V.},
    title = "{Accounting for velocity jitter in planet search surveys}",
  journal = {\mnras},
archivePrefix = "arXiv",
   eprint = {0712.3862},
 keywords = {methods: data analysis , methods: statistical , techniques: radial velocities , surveys , stars: individual: HD 74156 , stars: planetary systems},
     year = 2009,
    month = mar,
   volume = 393,
    pages = {969-978},
      doi = {10.1111/j.1365-2966.2008.14217.x},
   adsurl = {http://adsabs.harvard.edu/abs/2009MNRAS.393..969B},
  adsnote = {Provided by the SAO/NASA Astrophysics Data System}
}

@ARTICLE{2007A&A...476L..13B,
   author = {{Barbieri}, M. and {Alonso}, R. and {Laughlin}, G. and {Almenara}, J.~M. and 
	{Bissinger}, R. and {Davies}, D. and {Gasparri}, D. and {Guido}, E. and 
	{Lopresti}, C. and {Manzini}, F. and {Sostero}, G.},
    title = "{HD 17156b: a transiting planet with a 21.2-day period and an eccentric orbit}",
  journal = {\aap},
archivePrefix = "arXiv",
   eprint = {0710.0898},
 keywords = {binaries: eclipsing, planetary systems, stars: individual: HD 17156, techniques: photometric},
     year = 2007,
    month = dec,
   volume = 476,
    pages = {L13-L16},
      doi = {10.1051/0004-6361:20078787},
   adsurl = {http://adsabs.harvard.edu/abs/2007A%26A...476L..13B},
  adsnote = {Provided by the SAO/NASA Astrophysics Data System}
}

@ARTICLE{2005A&A...444L..15B,
   author = {{Bouchy}, F. and {Udry}, S. and {Mayor}, M. and {Moutou}, C. and 
	{Pont}, F. and {Iribarne}, N. and {da Silva}, R. and {Ilovaisky}, S. and 
	{Queloz}, D. and {Santos}, N.~C. and {S{\'e}gransan}, D. and 
	{Zucker}, S.},
    title = "{ELODIE metallicity-biased search for transiting Hot Jupiters. II. A very hot Jupiter transiting the bright K star HD 189733}",
  journal = {\aap},
   eprint = {arXiv:astro-ph/0510119},
     year = 2005,
    month = dec,
   volume = 444,
    pages = {L15-L19},
      doi = {10.1051/0004-6361:200500201},
   adsurl = {http://adsabs.harvard.edu/abs/2005A%26A...444L..15B},
  adsnote = {Provided by the SAO/NASA Astrophysics Data System}
}

@ARTICLE{1996PASP..108..500B,
   author = {{Butler}, R.~P. and {Marcy}, G.~W. and {Williams}, E. and {McCarthy}, C. and 
	{Dosanjh}, P. and {Vogt}, S.~S.},
    title = "{Attaining Doppler Precision of 3 M s-1}",
  journal = {\pasp},
 keywords = {TECHNIQUES: SPECTROSCOPIC},
     year = 1996,
    month = jun,
   volume = 108,
    pages = {500},
      doi = {10.1086/133755},
   adsurl = {http://adsabs.harvard.edu/abs/1996PASP..108..500B},
  adsnote = {Provided by the SAO/NASA Astrophysics Data System}
}

@INPROCEEDINGS{1997DPS....29.2706C,
   author = {{Chambers}, J.~E. and {Migliorini}, F.},
    title = "{Mercury - A New Software Package for Orbital Integrations}",
booktitle = {AAS/Division for Planetary Sciences Meeting Abstracts \#29},
     year = 1997,
   series = {Bulletin of the American Astronomical Society},
   volume = 29,
    month = jul,
    pages = {1024},
   adsurl = {http://adsabs.harvard.edu/abs/1997DPS....29.2706C},
  adsnote = {Provided by the SAO/NASA Astrophysics Data System}
}

@ARTICLE{2000ApJ...529L..45C,
   author = {{Charbonneau}, D. and {Brown}, T.~M. and {Latham}, D.~W. and 
	{Mayor}, M.},
    title = "{Detection of Planetary Transits Across a Sun-like Star}",
  journal = {\apjl},
   eprint = {arXiv:astro-ph/9911436},
 keywords = {STARS: BINARIES: ECLIPSING, STARS: PLANETARY SYSTEMS, STARS: INDIVIDUAL: HENRY DRAPER NUMBER: HD 209458, TECHNIQUES: PHOTOMETRIC, TECHNIQUES: RADIAL VELOCITIES},
     year = 2000,
    month = jan,
   volume = 529,
    pages = {L45-L48},
      doi = {10.1086/312457},
   adsurl = {http://adsabs.harvard.edu/abs/2000ApJ...529L..45C},
  adsnote = {Provided by the SAO/NASA Astrophysics Data System}
}

@ARTICLE{cochran2004,
   author = {{Cochran}, W.~D. and {Endl}, M. and {McArthur}, B. and {Paulson}, D.~B. and 
	{Smith}, V.~V. and {MacQueen}, P.~J. and {Tull}, R.~G. and {Good}, J. and 
	{Booth}, J. and {Shetrone}, M. and {Roman}, B. and {Odewahn}, S. and 
	{Deglman}, F. and {Graver}, M. and {Soukup}, M. and {Villarreal}, Jr., M.~L.
	},
    title = "{The First Hobby-Eberly Telescope Planet: A Companion to HD 37605}",
  journal = {\apjl},
   eprint = {arXiv:astro-ph/0407146},
 keywords = {Stars: Individual: Henry Draper Number: HD 37605},
     year = 2004,
    month = aug,
   volume = 611,
    pages = {L133-L136},
      doi = {10.1086/423936},
   adsurl = {http://adsabs.harvard.edu/abs/2004ApJ...611L.133C},
  adsnote = {Provided by the SAO/NASA Astrophysics Data System}
}

@ARTICLE{2011A&A...533A.114D,
   author = {{Demory}, B.-O. and {Gillon}, M. and {Deming}, D. and {Valencia}, D. and 
	{Seager}, S. and {Benneke}, B. and {Lovis}, C. and {Cubillos}, P. and 
	{Harrington}, J. and {Stevenson}, K.~B. and {Mayor}, M. and 
	{Pepe}, F. and {Queloz}, D. and {S{\'e}gransan}, D. and {Udry}, S.
	},
    title = "{Detection of a transit of the super-Earth 55 Cancri e with warm Spitzer}",
  journal = {\aap},
archivePrefix = "arXiv",
   eprint = {1105.0415},
 primaryClass = "astro-ph.EP",
 keywords = {binaries: eclipsing, planetary systems, stars: individual: 55 Cnc, techniques: photometric},
     year = 2011,
    month = sep,
   volume = 533,
      eid = {A114},
    pages = {A114},
      doi = {10.1051/0004-6361/201117178},
   adsurl = {http://adsabs.harvard.edu/abs/2011A%26A...533A.114D},
  adsnote = {Provided by the SAO/NASA Astrophysics Data System}
}

@ARTICLE{2011AJ....142..115D,
   author = {{Dragomir}, D. and {Kane}, S.~R. and {Pilyavsky}, G. and {Mahadevan}, S. and 
	{Ciardi}, D.~R. and {Gazak}, J.~Z. and {Gelino}, D.~M. and {Payne}, A. and 
	{Rabus}, M. and {Ramirez}, S.~V. and {von Braun}, K. and {Wright}, J.~T. and 
	{Wyatt}, P.},
    title = "{TERMS Photometry of Known Transiting Exoplanets}",
  journal = {\aj},
archivePrefix = "arXiv",
   eprint = {1108.2308},
 primaryClass = "astro-ph.EP",
 keywords = {planetary systems, stars: individual: WASP-4 WASP-5 WASP-6 WASP-19 WASP-29 WASP-31, techniques: photometric},
     year = 2011,
    month = oct,
   volume = 142,
      eid = {115},
    pages = {115},
      doi = {10.1088/0004-6256/142/4/115},
   adsurl = {http://adsabs.harvard.edu/abs/2011AJ....142..115D},
  adsnote = {Provided by the SAO/NASA Astrophysics Data System}
}

@ARTICLE{2007ApJ...669.1336F,
   author = {{Fischer}, D.~A. and {Vogt}, S.~S. and {Marcy}, G.~W. and {Butler}, R.~P. and 
	{Sato}, B. and {Henry}, G.~W. and {Robinson}, S. and {Laughlin}, G. and 
	{Ida}, S. and {Toyota}, E. and {Omiya}, M. and {Driscoll}, P. and 
	{Takeda}, G. and {Wright}, J.~T. and {Johnson}, J.~A.},
    title = "{Five Intermediate-Period Planets from the N2K Sample}",
  journal = {\apj},
archivePrefix = "arXiv",
   eprint = {0704.1191},
 keywords = {Stars: Planetary Systems, stars: individual (HD 11506), stars: individual (HD 17156), stars: individual (HD 125612), stars: individual (HD 170469), stars: individual (HD 231701)},
     year = 2007,
    month = nov,
   volume = 669,
    pages = {1336-1344},
      doi = {10.1086/521869},
   adsurl = {http://adsabs.harvard.edu/abs/2007ApJ...669.1336F},
  adsnote = {Provided by the SAO/NASA Astrophysics Data System}
}

@ARTICLE{2009MNRAS.396L..16F,
   author = {{Fossey}, S.~J. and {Waldmann}, I.~P. and {Kipping}, D.~M.},
    title = "{Detection of a transit by the planetary companion of HD 80606}",
  journal = {\mnras},
archivePrefix = "arXiv",
   eprint = {0902.4616},
 primaryClass = "astro-ph.EP",
 keywords = {techniques: photometric, occultations, planets and satellites: general, stars: individual: HD 80606, planetary systems},
     year = 2009,
    month = jun,
   volume = 396,
    pages = {L16-L20},
      doi = {10.1111/j.1745-3933.2009.00653.x},
   adsurl = {http://adsabs.harvard.edu/abs/2009MNRAS.396L..16F},
  adsnote = {Provided by the SAO/NASA Astrophysics Data System}
}

@ARTICLE{2011arXiv1109.2549H,
   author = {{Henry}, G.~W. and {Howard}, A.~W. and {Marcy}, G.~W. and {Fischer}, D.~A. and 
	{Johnson}, J.~A.},
    title = "{Detection of a Transiting Low-Density Super-Earth}",
  journal = {ArXiv e-prints},
archivePrefix = "arXiv",
   eprint = {1109.2549},
 primaryClass = "astro-ph.SR",
 keywords = {Astrophysics - Solar and Stellar Astrophysics},
     year = 2011,
    month = sep,
   adsurl = {http://adsabs.harvard.edu/abs/2011arXiv1109.2549H},
  adsnote = {Provided by the SAO/NASA Astrophysics Data System}
}

@ARTICLE{2000ApJ...529L..41H,
   author = {{Henry}, G.~W. and {Marcy}, G.~W. and {Butler}, R.~P. and {Vogt}, S.~S.
	},
    title = "{A Transiting ``51 Peg-like'' Planet}",
  journal = {\apjl},
 keywords = {STARS: PLANETARY SYSTEMS, STARS: INDIVIDUAL: HENRY DRAPER NUMBER: HD 209458},
     year = 2000,
    month = jan,
   volume = 529,
    pages = {L41-L44},
      doi = {10.1086/312458},
   adsurl = {http://adsabs.harvard.edu/abs/2000ApJ...529L..41H},
  adsnote = {Provided by the SAO/NASA Astrophysics Data System}
}

@ARTICLE{2010ApJ...721.1467H,
   author = {{Howard}, A.~W. and {Johnson}, J.~A. and {Marcy}, G.~W. and 
	{Fischer}, D.~A. and {Wright}, J.~T. and {Bernat}, D. and {Henry}, G.~W. and 
	{Peek}, K.~M.~G. and {Isaacson}, H. and {Apps}, K. and {Endl}, M. and 
	{Cochran}, W.~D. and {Valenti}, J.~A. and {Anderson}, J. and 
	{Piskunov}, N.~E.},
    title = "{The California Planet Survey. I. Four New Giant Exoplanets}",
  journal = {\apj},
archivePrefix = "arXiv",
   eprint = {1003.3488},
 primaryClass = "astro-ph.EP",
 keywords = {binaries: visual, planetary systems, stars: individual: HD 34445 HD 126614 HD 24496 HD 13931 G1 179, techniques: high angular resolution, techniques: photometric, techniques: radial velocities},
     year = 2010,
    month = oct,
   volume = 721,
    pages = {1467-1481},
      doi = {10.1088/0004-637X/721/2/1467},
   adsurl = {http://adsabs.harvard.edu/abs/2010ApJ...721.1467H},
  adsnote = {Provided by the SAO/NASA Astrophysics Data System}
}

@ARTICLE{2009ApJ...696...75H,
   author = {{Howard}, A.~W. and {Johnson}, J.~A. and {Marcy}, G.~W. and 
	{Fischer}, D.~A. and {Wright}, J.~T. and {Henry}, G.~W. and 
	{Giguere}, M.~J. and {Isaacson}, H. and {Valenti}, J.~A. and 
	{Anderson}, J. and {Piskunov}, N.~E.},
    title = "{The NASA-UC Eta-Earth Program. I. A Super-Earth Orbiting HD 7924}",
  journal = {\apj},
archivePrefix = "arXiv",
   eprint = {0901.4394},
 primaryClass = "astro-ph.EP",
 keywords = {planetary systems, stars: individual: HD 7924, techniques: radial velocities},
     year = 2009,
    month = may,
   volume = 696,
    pages = {75-83},
      doi = {10.1088/0004-637X/696/1/75},
   adsurl = {http://adsabs.harvard.edu/abs/2009ApJ...696...75H},
  adsnote = {Provided by the SAO/NASA Astrophysics Data System}
}

@ARTICLE{2011ApJ...730...10H,
   author = {{Howard}, A.~W. and {Johnson}, J.~A. and {Marcy}, G.~W. and 
	{Fischer}, D.~A. and {Wright}, J.~T. and {Henry}, G.~W. and 
	{Isaacson}, H. and {Valenti}, J.~A. and {Anderson}, J. and {Piskunov}, N.~E.
	},
    title = "{The NASA-UC Eta-Earth Program. III. A Super-Earth Orbiting HD 97658 and a Neptune-mass Planet Orbiting Gl 785}",
  journal = {\apj},
archivePrefix = "arXiv",
   eprint = {1011.0414},
 primaryClass = "astro-ph.EP",
 keywords = {planetary systems, stars: individual: HD 97658 Gl 785, techniques: radial velocities},
     year = 2011,
    month = mar,
   volume = 730,
      eid = {10},
    pages = {10},
      doi = {10.1088/0004-637X/730/1/10},
   adsurl = {http://adsabs.harvard.edu/abs/2011ApJ...730...10H},
  adsnote = {Provided by the SAO/NASA Astrophysics Data System}
}

@ARTICLE{2011ApJ...726...73H,
   author = {{Howard}, A.~W. and {Johnson}, J.~A. and {Marcy}, G.~W. and 
	{Fischer}, D.~A. and {Wright}, J.~T. and {Henry}, G.~W. and 
	{Isaacson}, H. and {Valenti}, J.~A. and {Anderson}, J. and {Piskunov}, N.~E.
	},
    title = "{The NASA-UC Eta-Earth Program. II. A Planet Orbiting HD 156668 with a Minimum Mass of Four Earth Masses}",
  journal = {\apj},
archivePrefix = "arXiv",
   eprint = {1003.3444},
 primaryClass = "astro-ph.EP",
 keywords = {planetary systems, stars: individual: HD 156668, techniques: radial velocities},
     year = 2011,
    month = jan,
   volume = 726,
      eid = {73},
    pages = {73},
      doi = {10.1088/0004-637X/726/2/73},
   adsurl = {http://adsabs.harvard.edu/abs/2011ApJ...726...73H},
  adsnote = {Provided by the SAO/NASA Astrophysics Data System}
}

@ARTICLE{2011ApJS..197...26J,
   author = {{Johnson}, J.~A. and {Clanton}, C. and {Howard}, A.~W. and {Bowler}, B.~P. and 
	{Henry}, G.~W. and {Marcy}, G.~W. and {Crepp}, J.~R. and {Endl}, M. and 
	{Cochran}, W.~D. and {MacQueen}, P.~J. and {Wright}, J.~T. and 
	{Isaacson}, H.},
    title = "{Retired A Stars and Their Companions. VII. 18 New Jovian Planets}",
  journal = {\apjs},
archivePrefix = "arXiv",
   eprint = {1108.4205},
 primaryClass = "astro-ph.EP",
 keywords = {binaries: spectroscopic, planetary systems, techniques: photometric, techniques: radial velocities},
     year = 2011,
    month = dec,
   volume = 197,
      eid = {26},
    pages = {26},
      doi = {10.1088/0067-0049/197/2/26},
   adsurl = {http://adsabs.harvard.edu/abs/2011ApJS..197...26J},
  adsnote = {Provided by the SAO/NASA Astrophysics Data System}
}

@ARTICLE{2010MNRAS.403.1703J,
   author = {{Jones}, H.~R.~A. and {Butler}, R.~P. and {Tinney}, C.~G. and 
	{O'Toole}, S. and {Wittenmyer}, R. and {Henry}, G.~W. and {Meschiari}, S. and 
	{Vogt}, S. and {Rivera}, E. and {Laughlin}, G. and {Carter}, B.~D. and 
	{Bailey}, J. and {Jenkins}, J.~S.},
    title = "{A long-period planet orbiting a nearby Sun-like star}",
  journal = {\mnras},
archivePrefix = "arXiv",
   eprint = {0912.2716},
 primaryClass = "astro-ph.SR",
 keywords = {stars: individual: HD134987, planetary systems},
     year = 2010,
    month = apr,
   volume = 403,
    pages = {1703-1713},
      doi = {10.1111/j.1365-2966.2009.16232.x},
   adsurl = {http://adsabs.harvard.edu/abs/2010MNRAS.403.1703J},
  adsnote = {Provided by the SAO/NASA Astrophysics Data System}
}

@ARTICLE{2011EPJWC..1106005K,
   author = {{Kane}, S.~R. and {Ciardi}, D. and {Fischer}, D. and {Henry}, G. and 
	{Howard}, A. and {Jensen}, E. and {Laughlin}, G. and {Mahadevan}, S. and 
	{von Braun}, K. and {Wright}, J.},
    title = "{Improving Transit Predictions of Known Exoplanets with TERMS}",
  journal = {Detection and Dynamics of Transiting Exoplanets, St.~Michel l'Observatoire, France, Edited by F.~Bouchy; R.~D{\'{\i}}az; C.~Moutou; EPJ Web of Conferences, Volume 11, id.06005},
archivePrefix = "arXiv",
   eprint = {1011.0439},
 primaryClass = "astro-ph.EP",
     year = 2011,
    month = feb,
   volume = 11,
      eid = {06005},
    pages = {6005},
      doi = {10.1051/epjconf/20101106005},
   adsurl = {http://adsabs.harvard.edu/abs/2011EPJWC..1106005K},
  adsnote = {Provided by the SAO/NASA Astrophysics Data System}
}

@ARTICLE{2009Natur.457..562L,
   author = {{Laughlin}, G. and {Deming}, D. and {Langton}, J. and {Kasen}, D. and 
	{Vogt}, S. and {Butler}, P. and {Rivera}, E. and {Meschiari}, S.
	},
    title = "{Rapid heating of the atmosphere of an extrasolar planet}",
  journal = {\nat},
     year = 2009,
    month = jan,
   volume = 457,
    pages = {562-564},
      doi = {10.1038/nature07649},
   adsurl = {http://adsabs.harvard.edu/abs/2009Natur.457..562L},
  adsnote = {Provided by the SAO/NASA Astrophysics Data System}
}

@ARTICLE{1992PASP..104..270M,
   author = {{Marcy}, G.~W. and {Butler}, R.~P.},
    title = "{Precision radial velocities with an iodine absorption cell}",
  journal = {\pasp},
 keywords = {ABSORPTION SPECTRA, BROWN DWARF STARS, COMPANION STARS, IODINE, RADIAL VELOCITY, STELLAR SPECTRA, CHARGE COUPLED DEVICES, HIGH RESOLUTION, LINE SPECTRA, POINT SPREAD FUNCTIONS, SPECTRAL LINE WIDTH, SPECTRAL RESOLUTION, SPECTROGRAPHS},
     year = 1992,
    month = apr,
   volume = 104,
    pages = {270-277},
      doi = {10.1086/132989},
   adsurl = {http://adsabs.harvard.edu/abs/1992PASP..104..270M},
  adsnote = {Provided by the SAO/NASA Astrophysics Data System}
}

@ARTICLE{2002ApJ...581.1375M,
   author = {{Marcy}, G.~W. and {Butler}, R.~P. and {Fischer}, D.~A. and 
	{Laughlin}, G. and {Vogt}, S.~S. and {Henry}, G.~W. and {Pourbaix}, D.
	},
    title = "{A Planet at 5 AU around 55 Cancri}",
  journal = {\apj},
   eprint = {arXiv:astro-ph/0207294},
 keywords = {Stars: Planetary Systems, Stars: Individual: Constellation Name: 55 Cancri, stars: individual (HIP 43587, HD 75732), Stars: Individual: Bright Star Number: HR 3522, Stars: Individual: Constellation Name: {$\rho$}1 Cancri},
     year = 2002,
    month = dec,
   volume = 581,
    pages = {1375-1388},
      doi = {10.1086/344298},
   adsurl = {http://adsabs.harvard.edu/abs/2002ApJ...581.1375M},
  adsnote = {Provided by the SAO/NASA Astrophysics Data System}
}

@ARTICLE{2004ApJ...614L..81M,
   author = {{McArthur}, B.~E. and {Endl}, M. and {Cochran}, W.~D. and {Benedict}, G.~F. and 
	{Fischer}, D.~A. and {Marcy}, G.~W. and {Butler}, R.~P. and 
	{Naef}, D. and {Mayor}, M. and {Queloz}, D. and {Udry}, S. and 
	{Harrison}, T.~E.},
    title = "{Detection of a Neptune-Mass Planet in the {$\rho$}$^{1}$ Cancri System Using the Hobby-Eberly Telescope}",
  journal = {\apjl},
   eprint = {arXiv:astro-ph/0408585},
 keywords = {Astrometry, Stars: Planetary Systems, Stars: Individual: Constellation Name: {$\rho$}1 Cancri},
     year = 2004,
    month = oct,
   volume = 614,
    pages = {L81-L84},
      doi = {10.1086/425561},
   adsurl = {http://adsabs.harvard.edu/abs/2004ApJ...614L..81M},
  adsnote = {Provided by the SAO/NASA Astrophysics Data System}
}

@ARTICLE{2011A&A...527A..63M,
   author = {{Moutou}, C. and {Mayor}, M. and {Lo Curto}, G. and {S{\'e}gransan}, D. and 
	{Udry}, S. and {Bouchy}, F. and {Benz}, W. and {Lovis}, C. and 
	{Naef}, D. and {Pepe}, F. and {Queloz}, D. and {Santos}, N.~C. and 
	{Sousa}, S.~G.},
    title = "{The HARPS search for southern extra-solar planets. XXVII. Seven new planetary systems}",
  journal = {\aap},
archivePrefix = "arXiv",
   eprint = {1012.3830},
 primaryClass = "astro-ph.EP",
 keywords = {planets and satellites: detection, techniques: radial velocities},
     year = 2011,
    month = mar,
   volume = 527,
      eid = {A63},
    pages = {A63},
      doi = {10.1051/0004-6361/201015371},
   adsurl = {http://adsabs.harvard.edu/abs/2011A%26A...527A..63M},
  adsnote = {Provided by the SAO/NASA Astrophysics Data System}
}

@ARTICLE{2007A&A...462..769P,
   author = {{Pepe}, F. and {Correia}, A.~C.~M. and {Mayor}, M. and {Tamuz}, O. and 
	{Couetdic}, J. and {Benz}, W. and {Bertaux}, J.-L. and {Bouchy}, F. and 
	{Laskar}, J. and {Lovis}, C. and {Naef}, D. and {Queloz}, D. and 
	{Santos}, N.~C. and {Sivan}, J.-P. and {Sosnowska}, D. and {Udry}, S.
	},
    title = "{The HARPS search for southern extra-solar planets. VIII. <ASTROBJ>{$\mu$} Arae</ASTROBJ>, a system with four planets}",
  journal = {\aap},
   eprint = {arXiv:astro-ph/0608396},
 keywords = {instrumentation: spectrographs, techniques: radial velocities, stars: individual: <ASTROBJ>{$\mu$} Arae</ASTROBJ> (HD 160691), stars: planetary systems},
     year = 2007,
    month = feb,
   volume = 462,
    pages = {769-776},
      doi = {10.1051/0004-6361:20066194},
   adsurl = {http://adsabs.harvard.edu/abs/2007A%26A...462..769P},
  adsnote = {Provided by the SAO/NASA Astrophysics Data System}
}

@ARTICLE{2011ApJ...743..162P,
   author = {{Pilyavsky}, G. and {Mahadevan}, S. and {Kane}, S.~R. and {Howard}, A.~W. and 
	{Ciardi}, D.~R. and {de Pree}, C. and {Dragomir}, D. and {Fischer}, D. and 
	{Henry}, G.~W. and {Jensen}, E.~L.~N. and {Laughlin}, G. and 
	{Marlowe}, H. and {Rabus}, M. and {von Braun}, K. and {Wright}, J.~T. and 
	{Wang}, X.~X.},
    title = "{A Search for the Transit of HD 168443b: Improved Orbital Parameters and Photometry}",
  journal = {\apj},
archivePrefix = "arXiv",
   eprint = {1109.5166},
 primaryClass = "astro-ph.EP",
 keywords = {planetary systems, stars: individual: HD 168443, techniques: photometric, techniques: radial velocities },
     year = 2011,
    month = dec,
   volume = 743,
      eid = {162},
    pages = {162},
      doi = {10.1088/0004-637X/743/2/162},
   adsurl = {http://adsabs.harvard.edu/abs/2011ApJ...743..162P},
  adsnote = {Provided by the SAO/NASA Astrophysics Data System}
}

@ARTICLE{2002A&A...385.1095P,
   author = {{Piskunov}, N.~E. and {Valenti}, J.~A.},
    title = "{New algorithms for reducing cross-dispersed echelle spectra}",
  journal = {\aap},
 keywords = {INSTRUMENTATION: SPECTROGRAPHS, METHODS: DATA ANALYSIS, TECHNIQUES: SPECTROSCOPIC},
     year = 2002,
    month = apr,
   volume = 385,
    pages = {1095-1106},
      doi = {10.1051/0004-6361:20020175},
   adsurl = {http://adsabs.harvard.edu/abs/2002A%26A...385.1095P},
  adsnote = {Provided by the SAO/NASA Astrophysics Data System}
}

@ARTICLE{2011A&A...532A..79S,
   author = {{Schneider}, J. and {Dedieu}, C. and {Le Sidaner}, P. and {Savalle}, R. and 
	{Zolotukhin}, I.},
    title = "{Defining and cataloging exoplanets: the exoplanet.eu database}",
  journal = {\aap},
archivePrefix = "arXiv",
   eprint = {1106.0586},
 primaryClass = "astro-ph.EP",
 keywords = {catalogs, virtual observatory tools, planetary systems, planets and satellites: detection, planets and satellites: fundamental parameters},
     year = 2011,
    month = aug,
   volume = 532,
      eid = {A79},
    pages = {A79},
      doi = {10.1051/0004-6361/201116713},
   adsurl = {http://adsabs.harvard.edu/abs/2011A%26A...532A..79S},
  adsnote = {Provided by the SAO/NASA Astrophysics Data System}
}

@INPROCEEDINGS{1998SPIE.3355..387T,
   author = {{Tull}, R.~G.},
    title = "{High-resolution fiber-coupled spectrograph of the Hobby-Eberly Telescope}",
booktitle = {Society of Photo-Optical Instrumentation Engineers (SPIE) Conference Series},
     year = 1998,
   series = {Society of Photo-Optical Instrumentation Engineers (SPIE) Conference Series},
   volume = 3355,
   editor = "{S.~D'Odorico}",
    month = jul,
    pages = {387-398},
   adsurl = {http://adsabs.harvard.edu/abs/1998SPIE.3355..387T},
  adsnote = {Provided by the SAO/NASA Astrophysics Data System}
}

@INPROCEEDINGS{1994SPIE.2198..362V,
   author = {{Vogt}, S.~S. and {Allen}, S.~L. and {Bigelow}, B.~C. and {Bresee}, L. and 
	{Brown}, B. and {Cantrall}, T. and {Conrad}, A. and {Couture}, M. and 
	{Delaney}, C. and {Epps}, H.~W. and {Hilyard}, D. and {Hilyard}, D.~F. and 
	{Horn}, E. and {Jern}, N. and {Kanto}, D. and {Keane}, M.~J. and 
	{Kibrick}, R.~I. and {Lewis}, J.~W. and {Osborne}, J. and {Pardeilhan}, G.~H. and 
	{Pfister}, T. and {Ricketts}, T. and {Robinson}, L.~B. and {Stover}, R.~J. and 
	{Tucker}, D. and {Ward}, J. and {Wei}, M.~Z.},
    title = "{HIRES: the high-resolution echelle spectrometer on the Keck 10-m Telescope}",
 keywords = {ASTEROSEISMOLOGY,},
booktitle = {Society of Photo-Optical Instrumentation Engineers (SPIE) Conference Series},
     year = 1994,
   series = {Society of Photo-Optical Instrumentation Engineers (SPIE) Conference Series},
   volume = 2198,
   editor = "{D.~L.~Crawford \& E.~R.~Craine}",
    month = jun,
    pages = {362},
   adsurl = {http://adsabs.harvard.edu/abs/1994SPIE.2198..362V},
  adsnote = {Provided by the SAO/NASA Astrophysics Data System}
}

@ARTICLE{wit2007,
   author = {{Wittenmyer}, R.~A. and {Endl}, M. and {Cochran}, W.~D. and 
	{Levison}, H.~F.},
    title = "{Dynamical and Observational Constraints on Additional Planets in Highly Eccentric Planetary Systems}",
  journal = {\aj},
archivePrefix = "arXiv",
   eprint = {0706.1962},
 keywords = {celestial mechanics, planetary systems},
     year = 2007,
    month = sep,
   volume = 134,
    pages = {1276-1284},
      doi = {10.1086/520880},
   adsurl = {http://adsabs.harvard.edu/abs/2007AJ....134.1276W},
  adsnote = {Provided by the SAO/NASA Astrophysics Data System}
}

@ARTICLE{wrighteod,
   author = {{Wright}, J.~T. and {Fakhouri}, O. and {Marcy}, G.~W. and {Han}, E. and 
	{Feng}, Y. and {Johnson}, J.~A. and {Howard}, A.~W. and {Fischer}, D.~A. and 
	{Valenti}, J.~A. and {Anderson}, J. and {Piskunov}, N.},
    title = "{The Exoplanet Orbit Database}",
  journal = {\pasp},
archivePrefix = "arXiv",
   eprint = {1012.5676},
 primaryClass = "astro-ph.SR",
 keywords = {Extrasolar Planets},
     year = 2011,
    month = apr,
   volume = 123,
    pages = {412-422},
      doi = {10.1086/659427},
   adsurl = {http://adsabs.harvard.edu/abs/2011PASP..123..412W},
  adsnote = {Provided by the SAO/NASA Astrophysics Data System}
}

@ARTICLE{2009ApJS..182..205W,
   author = {{Wright}, J.~T. and {Howard}, A.~W.},
    title = "{Efficient Fitting of Multiplanet Keplerian Models to Radial Velocity and Astrometry Data}",
  journal = {\apjs},
archivePrefix = "arXiv",
   eprint = {0904.3725},
 primaryClass = "astro-ph.SR",
 keywords = {astrometry, methods: data analysis, methods: numerical, planetary systems, techniques: radial velocities},
     year = 2009,
    month = may,
   volume = 182,
    pages = {205-215},
      doi = {10.1088/0067-0049/182/1/205},
   adsurl = {http://adsabs.harvard.edu/abs/2009ApJS..182..205W},
  adsnote = {Provided by the SAO/NASA Astrophysics Data System}
}


@ARTICLE{2009ApJ...693.1084W,
   author = {{Wright}, J.~T. and {Upadhyay}, S. and {Marcy}, G.~W. and {Fischer}, D.~A. and 
	{Ford}, E.~B. and {Johnson}, J.~A.},
    title = "{Ten New and Updated Multiplanet Systems and a Survey of Exoplanetary Systems}",
  journal = {\apj},
archivePrefix = "arXiv",
   eprint = {0812.1582},
 keywords = {planetary systems},
     year = 2009,
    month = mar,
   volume = 693,
    pages = {1084-1099},
      doi = {10.1088/0004-637X/693/2/1084},
   adsurl = {http://adsabs.harvard.edu/abs/2009ApJ...693.1084W},
  adsnote = {Provided by the SAO/NASA Astrophysics Data System}
}


@ARTICLE{esa1997,
   author = {{ESA}},
    title = "{The Hipparcos and Tycho Catalogues (ESA 1997)}",
  journal = {VizieR Online Data Catalog},
 keywords = {Positional data, Proper motions, Parallaxes: trigonometric, Photometry, Fundamental catalog, Stars: double and multiple},
     year = 1997,
    month = feb,
   volume = 1239,
    pages = {0},
   adsurl = {http://adsabs.harvard.edu/abs/1997yCat.1239....0E},
  adsnote = {Provided by the SAO/NASA Astrophysics Data System}
}

@ARTICLE{vanleeuwen2008,
   author = {{van Leeuwen}, F.},
    title = "{Hipparcos, the New Reduction (van Leeuwen, 2007)}",
  journal = {VizieR Online Data Catalog},
 keywords = {Hipparcos},
     year = 2008,
    month = sep,
   volume = 1311,
    pages = {0},
   adsurl = {http://adsabs.harvard.edu/abs/2008yCat.1311....0V},
  adsnote = {Provided by the SAO/NASA Astrophysics Data System}
}

@ARTICLE{valentifischer2005,
   author = {{Valenti}, J.~A. and {Fischer}, D.~A.},
    title = "{Spectroscopic Properties of Cool Stars (SPOCS). I. 1040 F, G, and K Dwarfs from Keck, Lick, and AAT Planet Search Programs}",
  journal = {\apjs},
 keywords = {Catalogs, Stars: Abundances, Stars: Fundamental Parameters, Stars: Late-Type, Techniques: Spectroscopic},
     year = 2005,
    month = jul,
   volume = 159,
    pages = {141-166},
      doi = {10.1086/430500},
   adsurl = {http://adsabs.harvard.edu/abs/2005ApJS..159..141V},
  adsnote = {Provided by the SAO/NASA Astrophysics Data System}
}

@ARTICLE{valentipiskunov1996,
   author = {{Valenti}, J.~A. and {Piskunov}, N.},
    title = "{Spectroscopy made easy: A new tool for fitting observations with synthetic spectra.}",
  journal = {\aaps},
 keywords = {RADIATIVE TRANSFER, METHODS: NUMERICAL, TECHNIQUES: SPECTROSCOPIC, STARS: FUNDAMENTAL PARAMETERS, SUN: FUNDAMENTAL PARAMETERS, ATOMIC DATA},
     year = 1996,
    month = sep,
   volume = 118,
    pages = {595-603},
   adsurl = {http://adsabs.harvard.edu/abs/1996A%26AS..118..595V},
  adsnote = {Provided by the SAO/NASA Astrophysics Data System}
}

@ARTICLE{santos2005,
   author = {{Santos}, N.~C. and {Israelian}, G. and {Mayor}, M. and {Bento}, J.~P. and 
	{Almeida}, P.~C. and {Sousa}, S.~G. and {Ecuvillon}, A.},
    title = "{Spectroscopic metallicities for planet-host stars: Extending the samples}",
  journal = {\aap},
   eprint = {arXiv:astro-ph/0504154},
 keywords = {stars: abundances, stars: fundamental parameters, stars: chemically peculiar, stars: planetary systems, stars: planetary systems: formation},
     year = 2005,
    month = jul,
   volume = 437,
    pages = {1127-1133},
      doi = {10.1051/0004-6361:20052895},
   adsurl = {http://adsabs.harvard.edu/abs/2005A%26A...437.1127S},
  adsnote = {Provided by the SAO/NASA Astrophysics Data System}
}

@ARTICLE{planetradius2003,
   author = {{Bodenheimer}, P. and {Laughlin}, G. and {Lin}, D.~N.~C.},
    title = "{On the Radii of Extrasolar Giant Planets}",
  journal = {\apj},
   eprint = {arXiv:astro-ph/0303541},
 keywords = {Stars: Planetary Systems, Planets and Satellites: General},
     year = 2003,
    month = jul,
   volume = 592,
    pages = {555-563},
      doi = {10.1086/375565},
   adsurl = {http://adsabs.harvard.edu/abs/2003ApJ...592..555B},
  adsnote = {Provided by the SAO/NASA Astrophysics Data System}
}

@ARTICLE{henry1999,
   author = {{Henry}, G.~W.},
    title = "{Techniques for Automated High-Precision Photometry of Sun-like Stars}",
  journal = {\pasp},
 keywords = {INSTRUMENTATION: PHOTOMETERS, STARS: PLANETARY SYSTEMS, STARS: ACTIVITY, TECHNIQUES: PHOTOMETRIC},
     year = 1999,
    month = jul,
   volume = 111,
    pages = {845-860},
      doi = {10.1086/316388},
   adsurl = {http://adsabs.harvard.edu/abs/1999PASP..111..845H},
  adsnote = {Provided by the SAO/NASA Astrophysics Data System}
}

@ARTICLE{svalue2010,
   author = {{Isaacson}, H. and {Fischer}, D.},
    title = "{Chromospheric Activity and Jitter Measurements for 2630 Stars on the California Planet Search}",
  journal = {\apj},
archivePrefix = "arXiv",
   eprint = {1009.2301},
 primaryClass = "astro-ph.EP",
 keywords = {stars: activity, stars: chromospheres, stars: fundamental parameters},
     year = 2010,
    month = dec,
   volume = 725,
    pages = {875-885},
      doi = {10.1088/0004-637X/725/1/875},
   adsurl = {http://adsabs.harvard.edu/abs/2010ApJ...725..875I},
  adsnote = {Provided by the SAO/NASA Astrophysics Data System}
}

@ARTICLE{age2002,
   author = {{Ibukiyama}, A. and {Arimoto}, N.},
    title = "{HIPPARCOS age-metallicity relation of the solar neighbourhood disc stars}",
  journal = {\aap},
   eprint = {arXiv:astro-ph/0207108},
 keywords = {stars: abundances, stars: distances, Galaxy: abundances, Galaxy: evolution, Galaxy: solar neighbourhood, Galaxy: kinematics and dynamics},
     year = 2002,
    month = nov,
   volume = 394,
    pages = {927-941},
      doi = {10.1051/0004-6361:20021157},
   adsurl = {http://adsabs.harvard.edu/abs/2002A%26A...394..927I},
  adsnote = {Provided by the SAO/NASA Astrophysics Data System}
}
