
@ARTICLE{2010ApJ...713..410B,
   author = {{Bean}, J.~L. and {Seifahrt}, A. and {Hartman}, H. and {Nilsson}, H. and 
	{Wiedemann}, G. and {Reiners}, A. and {Dreizler}, S. and {Henry}, T.~J.
	},
    title = "{The CRIRES Search for Planets Around the Lowest-mass Stars. I. High-precision Near-infrared Radial Velocities with an Ammonia Gas Cell}",
  journal = {\apj},
archivePrefix = "arXiv",
   eprint = {0911.3148},
 primaryClass = "astro-ph.EP",
 keywords = {instrumentation: spectrographs, stars: individual: GJ551 GJ 699 GJ 406 GJ 442B, stars: low-mass, techniques: radial velocities},
     year = 2010,
    month = apr,
   volume = 713,
    pages = {410-422},
      doi = {10.1088/0004-637X/713/1/410},
   adsurl = {http://adsabs.harvard.edu/abs/2010ApJ...713..410B},
  adsnote = {Provided by the SAO/NASA Astrophysics Data System}
}


@ARTICLE{tapas,
   author = {{Bertaux}, J.~L. and {Lallement}, R. and {Ferron}, S. and {Boonne}, C. and 
	{Bodichon}, R.},
    title = "{TAPAS, a web-based service of atmospheric transmission computation for astronomy}",
  journal = {\aap},
archivePrefix = "arXiv",
   eprint = {1311.4169},
 primaryClass = "astro-ph.IM",
 keywords = {atmospheric effects, techniques: spectroscopic},
     year = 2014,
    month = apr,
   volume = 564,
      eid = {A46},
    pages = {A46},
      doi = {10.1051/0004-6361/201322383},
   adsurl = {http://adsabs.harvard.edu/abs/2014A%26A...564A..46B},
  adsnote = {Provided by the SAO/NASA Astrophysics Data System}
}

@ARTICLE{lblrtm,
   author = {{Clough}, S.~A. and {Iacono}, M.~J. and {Moncet}, J.-L.},
    title = "{Line-by-Line Calculations of Atmospheric Fluxes and Cooling Rates: Application to Water Vapor}",
  journal = {\jgr},
 keywords = {Atmospheric Composition and Structure: Transmission and scattering of radiation, Atmospheric Composition and Structure: Evolution of the atmosphere},
     year = 1992,
    month = oct,
   volume = 97,
    pages = {15},
      doi = {10.1029/92JD01419},
   adsurl = {http://adsabs.harvard.edu/abs/1992JGR....9715761C},
  adsnote = {Provided by the SAO/NASA Astrophysics Data System}
}

@ARTICLE{exopag2015,
   author = {{Plavchan}, P. and {Latham}, D. and {Gaudi}, S. and {Crepp}, J. and 
	{Dumusque}, X. and {Furesz}, G. and {Vanderburg}, A. and {Blake}, C. and 
	{Fischer}, D. and {Prato}, L. and {White}, R. and {Makarov}, V. and 
	{Marcy}, G. and {Stapelfeldt}, K. and {Haywood}, R. and {Collier-Cameron}, A. and 
	{Quirrenbach}, A. and {Mahadevan}, S. and {Anglada}, G. and 
	{Muirhead}, P.},
    title = "{Radial Velocity Prospects Current and Future: A White Paper Report prepared by the Study Analysis Group 8 for the Exoplanet Program Analysis Group (ExoPAG)}",
  journal = {ArXiv e-prints},
archivePrefix = "arXiv",
   eprint = {1503.01770},
 primaryClass = "astro-ph.IM",
 keywords = {Astrophysics - Instrumentation and Methods for Astrophysics, Astrophysics - Earth and Planetary Astrophysics},
     year = 2015,
    month = mar,
   adsurl = {http://adsabs.harvard.edu/abs/2015arXiv150301770P},
  adsnote = {Provided by the SAO/NASA Astrophysics Data System}
}

@INPROCEEDINGS{2010SPIE.7735E..53C,
   author = {{Crane}, J.~D. and {Shectman}, S.~A. and {Butler}, R.~P. and 
	{Thompson}, I.~B. and {Birk}, C. and {Jones}, P. and {Burley}, G.~S.
	},
    title = "{The Carnegie Planet Finder Spectrograph: integration and commissioning}",
booktitle = {Ground-based and Airborne Instrumentation for Astronomy III},
     year = 2010,
   series = {\procspie},
   volume = 7735,
    month = jul,
      eid = {773553},
    pages = {773553},
      doi = {10.1117/12.857792},
   adsurl = {http://adsabs.harvard.edu/abs/2010SPIE.7735E..53C},
  adsnote = {Provided by the SAO/NASA Astrophysics Data System}
}

@ARTICLE{2002A&A...388..632P,
   author = {{Pepe}, F. and {Mayor}, M. and {Galland}, F. and {Naef}, D. and 
	{Queloz}, D. and {Santos}, N.~C. and {Udry}, S. and {Burnet}, M.
	},
    title = "{The CORALIE survey for southern extra-solar planets VII. Two short-period Saturnian companions to <ASTROBJ>HD 108147</ASTROBJ> and <ASTROBJ>HD 168746</ASTROBJ>}",
  journal = {\aap},
   eprint = {astro-ph/0202457},
 keywords = {techniques: radial velocities, stars: individual: HD 108147, stars: individual: HD 168746},
     year = 2002,
    month = jun,
   volume = 388,
    pages = {632-638},
      doi = {10.1051/0004-6361:20020433},
   adsurl = {http://adsabs.harvard.edu/abs/2002A%26A...388..632P},
  adsnote = {Provided by the SAO/NASA Astrophysics Data System}
}

@ARTICLE{eprv2015,
   author = {{Fischer}, D. and {Anglada-Escude}, G. and {Arriagada}, P. and 
	{Baluev}, R.~V. and {Bean}, J.~L. and {Bouchy}, F. and {Buchhave}, L.~A. and 
	{Carroll}, T. and {Chakraborty}, A. and {Crepp}, J.~R. and {Dawson}, R.~I. and 
	{Diddams}, S.~A. and {Dumusque}, X. and {Eastman}, J.~D. and 
	{Endl}, M. and {Figueira}, P. and {Ford}, E.~B. and {Foreman-Mackey}, D. and 
	{Fournier}, P. and {Furesz}, G. and {Gaudi}, B.~S. and {Gregory}, P.~C. and 
	{Grundahl}, F. and {Hatzes}, A.~P. and {Hebrard}, G. and {Herrero}, E. and 
	{Hogg}, D.~W. and {Howard}, A.~W. and {Johnson}, J.~A. and {Jorden}, P. and 
	{Jurgenson}, C.~A. and {Latham}, D.~W. and {Laughlin}, G. and 
	{Loredo}, T.~J. and {Lovis}, C. and {Mahadevan}, S. and {McCracken}, T.~M. and 
	{Pepe}, F. and {Perez}, M. and {Phillips}, D.~F. and {Plavchan}, P.~P. and 
	{Prato}, L. and {Quirrenbach}, A. and {Reiners}, A. and {Robertson}, P. and 
	{Santos}, N.~C. and {Sawyer}, D. and {Segransan}, D. and {Sozzetti}, A. and 
	{Steinmetz}, T. and {Szentgyorgyi}, A. and {Udry}, S. and {Valenti}, J.~A. and 
	{Wang}, S.~X. and {Wittenmyer}, R.~A. and {Wright}, J.~T.},
    title = "{State of the Field: Extreme Precision Radial Velocities}",
  journal = {ArXiv e-prints},
archivePrefix = "arXiv",
   eprint = {1602.07939},
 primaryClass = "astro-ph.IM",
 keywords = {Astrophysics - Instrumentation and Methods for Astrophysics, Astrophysics - Earth and Planetary Astrophysics},
     year = 2016,
    month = feb,
   adsurl = {http://adsabs.harvard.edu/abs/2016arXiv160207939F},
  adsnote = {Provided by the SAO/NASA Astrophysics Data System}
}

@ARTICLE{elodie,
   author = {{Baranne}, A. and {Queloz}, D. and {Mayor}, M. and {Adrianzyk}, G. and 
	{Knispel}, G. and {Kohler}, D. and {Lacroix}, D. and {Meunier}, J.-P. and 
	{Rimbaud}, G. and {Vin}, A.},
    title = "{ELODIE: A spectrograph for accurate radial velocity measurements.}",
  journal = {\aaps},
 keywords = {INSTRUMENTATION: SPECTROGRAPHS, METHODS: DATA ANALYSIS, TECHNIQUES: SPECTROSCOPIC, RADIAL VELOCITIES},
     year = 1996,
    month = oct,
   volume = 119,
    pages = {373-390},
   adsurl = {http://adsabs.harvard.edu/abs/1996A%26AS..119..373B},
  adsnote = {Provided by the SAO/NASA Astrophysics Data System}
}

@ARTICLE{butler1996,
   author = {{Butler}, R.~P. and {Marcy}, G.~W. and {Williams}, E. and {McCarthy}, C. and 
	{Dosanjh}, P. and {Vogt}, S.~S.},
    title = "{Attaining Doppler Precision of 3 M s-1}",
  journal = {\pasp},
 keywords = {TECHNIQUES: SPECTROSCOPIC},
     year = 1996,
    month = jun,
   volume = 108,
    pages = {500},
      doi = {10.1086/133755},
   adsurl = {http://adsabs.harvard.edu/abs/1996PASP..108..500B},
  adsnote = {Provided by the SAO/NASA Astrophysics Data System}
}

@ARTICLE{harps-s,
   author = {{Mayor}, M. and {Pepe}, F. and {Queloz}, D. and {Bouchy}, F. and 
	{Rupprecht}, G. and {Lo Curto}, G. and {Avila}, G. and {Benz}, W. and 
	{Bertaux}, J.-L. and {Bonfils}, X. and {Dall}, T. and {Dekker}, H. and 
	{Delabre}, B. and {Eckert}, W. and {Fleury}, M. and {Gilliotte}, A. and 
	{Gojak}, D. and {Guzman}, J.~C. and {Kohler}, D. and {Lizon}, J.-L. and 
	{Longinotti}, A. and {Lovis}, C. and {Megevand}, D. and {Pasquini}, L. and 
	{Reyes}, J. and {Sivan}, J.-P. and {Sosnowska}, D. and {Soto}, R. and 
	{Udry}, S. and {van Kesteren}, A. and {Weber}, L. and {Weilenmann}, U.
	},
    title = "{Setting New Standards with HARPS}",
  journal = {The Messenger},
     year = 2003,
    month = dec,
   volume = 114,
    pages = {20-24},
   adsurl = {http://adsabs.harvard.edu/abs/2003Msngr.114...20M},
  adsnote = {Provided by the SAO/NASA Astrophysics Data System}
}


@ARTICLE{Marcy2014,
   author = {{Marcy}, G.~W. and {Isaacson}, H. and {Howard}, A.~W. and {Rowe}, J.~F. and 
	{Jenkins}, J.~M. and {Bryson}, S.~T. and {Latham}, D.~W. and 
	{Howell}, S.~B. and {Gautier}, III, T.~N. and {Batalha}, N.~M. and 
	{Rogers}, L. and {Ciardi}, D. and {Fischer}, D.~A. and {Gilliland}, R.~L. and 
	{Kjeldsen}, H. and {Christensen-Dalsgaard}, J. and {Huber}, D. and 
	{Chaplin}, W.~J. and {Basu}, S. and {Buchhave}, L.~A. and {Quinn}, S.~N. and 
	{Borucki}, W.~J. and {Koch}, D.~G. and {Hunter}, R. and {Caldwell}, D.~A. and 
	{Van Cleve}, J. and {Kolbl}, R. and {Weiss}, L.~M. and {Petigura}, E. and 
	{Seager}, S. and {Morton}, T. and {Johnson}, J.~A. and {Ballard}, S. and 
	{Burke}, C. and {Cochran}, W.~D. and {Endl}, M. and {MacQueen}, P. and 
	{Everett}, M.~E. and {Lissauer}, J.~J. and {Ford}, E.~B. and 
	{Torres}, G. and {Fressin}, F. and {Brown}, T.~M. and {Steffen}, J.~H. and 
	{Charbonneau}, D. and {Basri}, G.~S. and {Sasselov}, D.~D. and 
	{Winn}, J. and {Sanchis-Ojeda}, R. and {Christiansen}, J. and 
	{Adams}, E. and {Henze}, C. and {Dupree}, A. and {Fabrycky}, D.~C. and 
	{Fortney}, J.~J. and {Tarter}, J. and {Holman}, M.~J. and {Tenenbaum}, P. and 
	{Shporer}, A. and {Lucas}, P.~W. and {Welsh}, W.~F. and {Orosz}, J.~A. and 
	{Bedding}, T.~R. and {Campante}, T.~L. and {Davies}, G.~R. and 
	{Elsworth}, Y. and {Handberg}, R. and {Hekker}, S. and {Karoff}, C. and 
	{Kawaler}, S.~D. and {Lund}, M.~N. and {Lundkvist}, M. and {Metcalfe}, T.~S. and 
	{Miglio}, A. and {Silva Aguirre}, V. and {Stello}, D. and {White}, T.~R. and 
	{Boss}, A. and {Devore}, E. and {Gould}, A. and {Prsa}, A. and 
	{Agol}, E. and {Barclay}, T. and {Coughlin}, J. and {Brugamyer}, E. and 
	{Mullally}, F. and {Quintana}, E.~V. and {Still}, M. and {Thompson}, S.~E. and 
	{Morrison}, D. and {Twicken}, J.~D. and {D{\'e}sert}, J.-M. and 
	{Carter}, J. and {Crepp}, J.~R. and {H{\'e}brard}, G. and {Santerne}, A. and 
	{Moutou}, C. and {Sobeck}, C. and {Hudgins}, D. and {Haas}, M.~R. and 
	{Robertson}, P. and {Lillo-Box}, J. and {Barrado}, D.},
    title = "{Masses, Radii, and Orbits of Small Kepler Planets: The Transition from Gaseous to Rocky Planets}",
  journal = {\apjs},
archivePrefix = "arXiv",
   eprint = {1401.4195},
 primaryClass = "astro-ph.EP",
 keywords = {planetary systems, planets and satellites: detection, stars: individual: Kepler-25 Kepler-37 Kepler-48 Kepler-68 Kepler-93 Kepler-94 Kepler-95 Kepler-96 Kepler-97 Kepler-98 Kepler-99 Kepler-100 Kepler-102 Kepler-103 Kepler-106 Kepler-109 Kepler-113 Kepler-131 Kepler-406 Kepler-407 Kepler-409, techniques: photometric, techniques: radial velocities},
     year = 2014,
    month = feb,
   volume = 210,
      eid = {20},
    pages = {20},
      doi = {10.1088/0067-0049/210/2/20},
   adsurl = {http://adsabs.harvard.edu/abs/2014ApJS..210...20M},
  adsnote = {Provided by the SAO/NASA Astrophysics Data System}
}

@ARTICLE{eod2014,
   author = {{Han}, E. and {Wang}, S.~X. and {Wright}, J.~T. and {Feng}, Y.~K. and 
	{Zhao}, M. and {Fakhouri}, O. and {Brown}, J.~I. and {Hancock}, C.
	},
    title = "{Exoplanet Orbit Database. II. Updates to Exoplanets.org}",
  journal = {\pasp},
archivePrefix = "arXiv",
   eprint = {1409.7709},
 primaryClass = "astro-ph.EP",
 keywords = {Extrasolar Planets},
     year = 2014,
    month = oct,
   volume = 126,
    pages = {827-837},
      doi = {10.1086/678447},
   adsurl = {http://adsabs.harvard.edu/abs/2014PASP..126..827H},
  adsnote = {Provided by the SAO/NASA Astrophysics Data System}
}

@ARTICLE{1988ApJ...331..902C,
   author = {{Campbell}, B. and {Walker}, G.~A.~H. and {Yang}, S.},
    title = "{A search for substellar companions to solar-type stars}",
  journal = {\apj},
 keywords = {Companion Stars, Dwarf Stars, Late Stars, Subgiant Stars, Variable Stars, Accretion Disks, Brown Dwarf Stars, Chromosphere, Gravitational Collapse, Line Spectra, Radial Velocity, Velocity Distribution},
     year = 1988,
    month = aug,
   volume = 331,
    pages = {902-921},
      doi = {10.1086/166608},
   adsurl = {http://adsabs.harvard.edu/abs/1988ApJ...331..902C},
  adsnote = {Provided by the SAO/NASA Astrophysics Data System}
}


@ARTICLE{1989Natur.339...38L,
   author = {{Latham}, D.~W. and {Stefanik}, R.~P. and {Mazeh}, T. and {Mayor}, M. and 
	{Burki}, G.},
    title = "{The unseen companion of HD114762 - A probable brown dwarf}",
  journal = {\nat},
 keywords = {Brown Dwarf Stars, Companion Stars, Stellar Orbits, Extrasolar Planets, Orbital Mechanics, Stellar Mass},
     year = 1989,
    month = may,
   volume = 339,
    pages = {38-40},
      doi = {10.1038/339038a0},
   adsurl = {http://adsabs.harvard.edu/abs/1989Natur.339...38L},
  adsnote = {Provided by the SAO/NASA Astrophysics Data System}
}

@ARTICLE{1993ApJ...413..339H,
   author = {{Hatzes}, A.~P. and {Cochran}, W.~D.},
    title = "{Long-period radial velocity variations in three K giants}",
  journal = {\apj},
 keywords = {Giant Stars, K Stars, Radial Velocity, Stellar Motions, Velocity Measurement, Long Term Effects, Stellar Oscillations, Stellar Spectra},
     year = 1993,
    month = aug,
   volume = 413,
    pages = {339-348},
      doi = {10.1086/173002},
   adsurl = {http://adsabs.harvard.edu/abs/1993ApJ...413..339H},
  adsnote = {Provided by the SAO/NASA Astrophysics Data System}
}

@ARTICLE{1995Natur.378..355M,
   author = {{Mayor}, M. and {Queloz}, D.},
    title = "{A Jupiter-mass companion to a solar-type star}",
  journal = {\nat},
     year = 1995,
    month = nov,
   volume = 378,
    pages = {355-359},
      doi = {10.1038/378355a0},
   adsurl = {http://adsabs.harvard.edu/abs/1995Natur.378..355M},
  adsnote = {Provided by the SAO/NASA Astrophysics Data System}
}

@ARTICLE{1996ApJ...464L.153B,
   author = {{Butler}, R.~P. and {Marcy}, G.~W.},
    title = "{A Planet Orbiting 47 Ursae Majoris}",
  journal = {\apjl},
 keywords = {STARS: PLANETARY SYSTEMS, STARS: LOW-MASS, BROWN DWARFS},
     year = 1996,
    month = jun,
   volume = 464,
    pages = {L153},
      doi = {10.1086/310102},
   adsurl = {http://adsabs.harvard.edu/abs/1996ApJ...464L.153B},
  adsnote = {Provided by the SAO/NASA Astrophysics Data System}
}


@INPROCEEDINGS{artigau2014,
   author = {{Artigau}, {\'E}. and {Astudillo-Defru}, N. and {Delfosse}, X. and 
	{Bouchy}, F. and {Bonfils}, X. and {Lovis}, C. and {Pepe}, F. and 
	{Moutou}, C. and {Donati}, J.-F. and {Doyon}, R. and {Malo}, L.
	},
    title = "{Telluric-line subtraction in high-accuracy velocimetry: a PCA-based approach}",
booktitle = {Society of Photo-Optical Instrumentation Engineers (SPIE) Conference Series},
     year = 2014,
   series = {Society of Photo-Optical Instrumentation Engineers (SPIE) Conference Series},
   volume = 9149,
archivePrefix = "arXiv",
   eprint = {1406.6927},
 primaryClass = "astro-ph.IM",
    month = jul,
      eid = {914905},
    pages = {5},
      doi = {10.1117/12.2056385},
   adsurl = {http://adsabs.harvard.edu/abs/2014SPIE.9149E..05A},
  adsnote = {Provided by the SAO/NASA Astrophysics Data System}
}

@ARTICLE{cunha2014,
   author = {{Cunha}, D. and {Santos}, N.~C. and {Figueira}, P. and {Santerne}, A. and 
	{Bertaux}, J.~L. and {Lovis}, C.},
    title = "{Impact of micro-telluric lines on precise radial velocities and its correction}",
  journal = {\aap},
archivePrefix = "arXiv",
   eprint = {1407.0181},
 primaryClass = "astro-ph.EP",
 keywords = {atmospheric effects, techniques: radial velocities, planets and satellites: detection},
     year = 2014,
    month = aug,
   volume = 568,
      eid = {A35},
    pages = {A35},
      doi = {10.1051/0004-6361/201423723},
   adsurl = {http://adsabs.harvard.edu/abs/2014A%26A...568A..35C},
  adsnote = {Provided by the SAO/NASA Astrophysics Data System}
}

@ARTICLE{hitran2013,
   author = {{Rothman}, L.~S. and {Gordon}, I.~E. and {Babikov}, Y. and {Barbe}, A. and 
	{Chris Benner}, D. and {Bernath}, P.~F. and {Birk}, M. and {Bizzocchi}, L. and 
	{Boudon}, V. and {Brown}, L.~R. and {Campargue}, A. and {Chance}, K. and 
	{Cohen}, E.~A. and {Coudert}, L.~H. and {Devi}, V.~M. and {Drouin}, B.~J. and 
	{Fayt}, A. and {Flaud}, J.-M. and {Gamache}, R.~R. and {Harrison}, J.~J. and 
	{Hartmann}, J.-M. and {Hill}, C. and {Hodges}, J.~T. and {Jacquemart}, D. and 
	{Jolly}, A. and {Lamouroux}, J. and {Le Roy}, R.~J. and {Li}, G. and 
	{Long}, D.~A. and {Lyulin}, O.~M. and {Mackie}, C.~J. and {Massie}, S.~T. and 
	{Mikhailenko}, S. and {M{\"u}ller}, H.~S.~P. and {Naumenko}, O.~V. and 
	{Nikitin}, A.~V. and {Orphal}, J. and {Perevalov}, V. and {Perrin}, A. and 
	{Polovtseva}, E.~R. and {Richard}, C. and {Smith}, M.~A.~H. and 
	{Starikova}, E. and {Sung}, K. and {Tashkun}, S. and {Tennyson}, J. and 
	{Toon}, G.~C. and {Tyuterev}, V.~G. and {Wagner}, G.},
    title = "{The HITRAN2012 molecular spectroscopic database}",
  journal = {\jqsrt},
     year = 2013,
    month = nov,
   volume = 130,
    pages = {4-50},
      doi = {10.1016/j.jqsrt.2013.07.002},
   adsurl = {http://adsabs.harvard.edu/abs/2013JQSRT.130....4R},
  adsnote = {Provided by the SAO/NASA Astrophysics Data System}
}
